
@misc{wiki:Sapir-Whorf-Hypothese,
	author = "Wikipedia",
	title = "Sapir-Whorf-Hypothese",
	year = "2023",
	howpublished = {\url{http://de.wikipedia.org/w/index.php?title=Sapir-Whorf-Hypothese&oldid=234438742}},
	note = "[Online; aufgerufen 30. Oktober 2023]"
}
@misc{wiki:Benjamin_Lee_Whorf,
	author = "Wikipedia",
	title = "Benjamin Lee Whorf",
	year = "2023",
	howpublished = {\url{http://de.wikipedia.org/w/index.php?title=Benjamin\%20Lee\%20Whorf&oldid=235528111}},
	note = "[Online; aufgerufen 31. Oktober 2023]"
}
@article{article:Science_and_linguistics,
	author = "Benjamin Whorf",
	title = "Science and linguistics",
	journal = "John B. Carroll (Hrsg.): Language, Thought, and Reality. Selected Writings of Benjamin Lee Whorf.",
	year = 1956,
	pages = "213",
}
@article{article:Linguistic_Relativity,
	author = "Guy Deutscher",
	title = "Does Your Language Shape How You Think?",
	journal = "The New York Times Magazine",
	year = 2010,
}
@article{article:Linguistic_Relativity2,
	author = "Matthias Warkus",
	title = "Das enge Band zwischen Sprache und Denken",
	journal = "Spektrum",
	year = 2020,
}
@article{article:Color_Perception,
	author = "Anne Trafton",
	title = "How “blue” and “green” appeared in a language that didn’t have words for them",
	subtitle = "People of a remote Amazonian society who learned Spanish as a second language began to interpret colors in a new way, an MIT study has found.",
	journal = "MIT News",
	year = 2023,
}
@misc{cartoon:Inuit,
	author = "Dave Coverly",
	title = "Did you know that suburban white males have over 100 words for \enquote{lawn}",
	year = 2009,
	howpublished = {\url{https://www.speedbump.com/}},
}
@misc{image:B_L_Whorf,
	author = "Yale",
	howpublished = {\url{https://ling.yale.edu/sites/default/files/images/whorf.jpg}},
}
@article{article:LingSignific,
	author = "Paul Kay and Chad McDaniel",
	title = "The linguistic significance of the meanings of basic color terms",
	journal = "Language",
	volume = "Band 54",
	number = 3,
	year = 1978,
}
@article{article:LingDeterm,
	author = "Roger W. Brown",
	title = "Linguistic determinism and the part of speech",
	journal = "The Journal of Abnormal and Social Psychology",
	volume = "Band 55",
	number = 1,
	year = 1957,
}
@article{article:Reference,
	author = "Roger W. Brown",
	title = "Reference",
	subtitle = "In memorial tribue to Eric Lenneberg",
	journal = "Cognition",
	volume = "Band 4",
	number = 2,
	year = 1976,
}